<?xml version="1.0" encoding="UTF-8"?><record xmlns="http://www.loc.gov/MARC21/slim" xmlns:cinclude="http://apache.org/cocoon/include/1.0" xmlns:zs="http://www.loc.gov/zing/srw/">
  <leader>00526nz  a2200145n  4500</leader>
  <controlfield tag="001">no2005043675</controlfield>
  <controlfield tag="003">DLC</controlfield>
  <controlfield tag="005">20050510051957.0</controlfield>
  <controlfield tag="008">050509n| acannaabn          |n aaa     c</controlfield>
  <datafield tag="010" ind1=" " ind2=" ">
    <subfield code="a">no2005043675</subfield>
  </datafield>
  <datafield tag="035" ind1=" " ind2=" ">
    <subfield code="a">(OCoLC)oca06629493</subfield>
  </datafield>
  <datafield tag="040" ind1=" " ind2=" ">
    <subfield code="a">SaPrUSA</subfield>
    <subfield code="b">eng</subfield>
    <subfield code="c">SaPrUSA</subfield>
  </datafield>
  <datafield tag="100" ind1="1" ind2=" ">
    <subfield code="a">Rammenzweig, Guy Willi,</subfield>
    <subfield code="d">1945-</subfield>
  </datafield>
  <datafield tag="670" ind1=" " ind2=" ">
    <subfield code="a">Kirche zwischen BuĚrokratie und Demokratie, c1975:</subfield>
    <subfield code="b">t.p. (Guy Willi Rammenzweig) p. 10 (Guy W. Rammenzweig)</subfield>
  </datafield>
  <datafield tag="670" ind1=" " ind2=" ">
    <subfield code="a">OCLC, May 9, 2005</subfield>
    <subfield code="b">(hdg.: Rammenzweig, Guy Willi, 1945-; usage: Guy Willi Rammenzweig)</subfield>
  </datafield>
</record>